@misc{paaII,
    author = {Alexei Manso Correa Machado},
    title = {Projeto e Análise de Algoritmos: Parte II: Algoritmos Iterativos},
    note = {Documento PDF distribuído em sala de aula},
    url = {https://pucminas.instructure.com/files/10533038/download?download_frd=1},
    year= {2024}
}

@misc{paaIII,
    author = {Alexei Manso Correa Machado},
    title = {Projeto e Análise de Algoritmos: Parte III: Algoritmos Recursivos},
    note = {Documento PDF distribuído em sala de aula},
    url = {https://pucminas.instructure.com/files/10533039/download?download_frd=1},
    year = {2024}

}

@misc{paaIV,
    author = {Alexei Manso Correa Machado},
    title = {Projeto e Análise de Algoritmos: Parte IV: Técnicas para Problemas de Otimização},
    note = {Documento PDF distribuído em sala de aula},
    url = {https://pucminas.instructure.com/files/10533040/download?download_frd=1},
    year = {2024}
}